<record xmlns="http://www.loc.gov/MARC21/slim" xmlns:xsi="http://www.w3.org/2001/XMLSchema-instance" xsi:schemaLocation="http://www.loc.gov/MARC21/slim http://www.loc.gov/standards/marcxml/schema/MARC21slim.xsd"><leader>04708nam a2200697   4500</leader><controlfield tag="001">001677124</controlfield><controlfield tag="003">NNU</controlfield><controlfield tag="006">m        d        </controlfield><controlfield tag="007">cr cn |||m|||a</controlfield><controlfield tag="008">150223s1969    ir acf  ob    000 0darar</controlfield><datafield ind1=" " ind2=" " tag="040"><subfield code="a">NNU</subfield><subfield code="b">eng</subfield><subfield code="e">rda</subfield><subfield code="c">NNU</subfield></datafield><datafield ind1="0" ind2=" " tag="041"><subfield code="b">eng</subfield><subfield code="b">per</subfield></datafield><datafield ind1=" " ind2="4" tag="050"><subfield code="a">B753</subfield><subfield code="b">.S2 1969</subfield></datafield><datafield ind1="0" ind2="1" tag="055"><subfield code="a">B753</subfield></datafield><datafield ind1="1" ind2=" " tag="100"><subfield code="6">880-01</subfield><subfield code="a">Sabzava&#772;ri&#772;, Ha&#772;di&#772; ibn Mahdi&#772;,</subfield><subfield code="d">1797 or 1798-</subfield></datafield><datafield ind1="1" ind2="0" tag="245"><subfield code="6">880-02</subfield><subfield code="a">Sharh&#803;-i Ghurar al-fara&#772;&#700;id ma&#699;ru&#772;f bih Sharh&#803;-i Manz&#803;u&#772;mah-&#700;i H&#803;ikmat, qismat-i umu&#772;r-i &#699;a&#772;mmah va jawhar-i &#699;aru&#772;z&#804; /</subfield><subfield code="c">Ha&#772;di&#772; Sabzava&#772;ri&#772; ; bi-tas&#803;h&#803;i&#772;h&#803; va muqaddimah va ta&#699;li&#772;qa&#772;t-i Mahdi&#772; Muh&#803;aqqiq va Tu&#772;shi&#772; Hi&#772;ku&#772; I&#772;zu&#772;tsu&#772;.</subfield></datafield><datafield ind1="3" ind2=" " tag="246"><subfield code="6">880-03</subfield><subfield code="a">Sharh&#803;-i Manz&#803;u&#772;mah-&#700;i h&#803;ikmat</subfield></datafield><datafield ind1="3" ind2=" " tag="246"><subfield code="6">880-04</subfield><subfield code="a">Sharh&#803; Ghurar al-fara&#772;&#700;id</subfield></datafield><datafield ind1="3" ind2=" " tag="246"><subfield code="6">880-05</subfield><subfield code="a">Ghurar al-fara&#772;&#700;id</subfield></datafield><datafield ind1=" " ind2=" " tag="260"><subfield code="6">880-06</subfield><subfield code="a">Tihra&#772;n :</subfield><subfield code="b">Da&#772;nishga&#772;h-i MakGi&#772;l, Muntria&#772;l, Mu&#700;assasah-&#700;i Mut&#803;a&#772;la&#699;a&#772;t-i Isla&#772;mi&#772;, Shu&#699;bah-&#700;i Tihra&#772;n,</subfield><subfield code="c">1969.</subfield></datafield><datafield ind1=" " ind2=" " tag="300"><subfield code="a">online resource (46, 679, 152 pages, [2] pages of plates) :</subfield><subfield code="b">illustrations, portrait</subfield></datafield><datafield ind1=" " ind2=" " tag="336"><subfield code="a">text</subfield><subfield code="2">rdacontent</subfield></datafield><datafield ind1=" " ind2=" " tag="337"><subfield code="a">computer</subfield><subfield code="2">rdamedia</subfield></datafield><datafield ind1=" " ind2=" " tag="338"><subfield code="a">online resource</subfield><subfield code="2">rdacarrier</subfield></datafield><datafield ind1="1" ind2=" " tag="490"><subfield code="6">880-07</subfield><subfield code="a">Silsilah-&#700;i da&#772;nish-i I&#772;ra&#772;ni&#772; ;</subfield><subfield code="v">1</subfield></datafield><datafield ind1=" " ind2=" " tag="500"><subfield code="a">Title on added t.p.: Sharh-i Ghurar al-fara&#700;id; or, Sharh-i Manzumah; pt. 1: metaphysics/H.M.H. Sabzawari.</subfield></datafield><datafield ind1=" " ind2=" " tag="500"><subfield code="a">"Ya&#772;dbu&#772;d-i yaks&#803;adumi&#772;n sa&#772;l-i darguz&#804;asht-i Sabzava&#772;ri&#772;."</subfield></datafield><datafield ind1=" " ind2=" " tag="500"><subfield code="a">Text in Arabic; introductory matter in English and Persian.</subfield></datafield><datafield ind1=" " ind2=" " tag="500"><subfield code="a">Part of the Arabic Collections Online (ACO) project, contributed by New York Univeristy Libraries.</subfield></datafield><datafield ind1=" " ind2=" " tag="504"><subfield code="a">Includes bibliographical references.</subfield></datafield><datafield ind1="0" ind2=" " tag="505"><subfield code="a">Ghurar al-fara&#700;id -- Sharh&#803;-i Ghurar al-fara&#772;&#700;id -- H&#803;ava&#772;shi&#772; va-ta&#699;li&#772;qa&#772;t-i Sabzava&#772;ri&#772;, Hi&#772;daji&#772;, A&#772;muli&#772; -- Farhang-i is&#803;t&#803;ila&#772;ha&#772;t va ta&#699;bi&#772;ra&#772;t.</subfield></datafield><datafield ind1=" " ind2=" " tag="533"><subfield code="a">Electronic reproduction.</subfield><subfield code="b">New York, N.Y. :</subfield><subfield code="c">New York University,</subfield><subfield code="d">2015.</subfield><subfield code="5">NNU</subfield></datafield><datafield ind1=" " ind2="0" tag="650"><subfield code="a">Islamic philosophy</subfield><subfield code="v">Early works to 1800.</subfield></datafield><datafield ind1=" " ind2="0" tag="650"><subfield code="a">Metaphysics</subfield><subfield code="v">Early works to 1800.</subfield></datafield><datafield ind1="1" ind2="0" tag="600"><subfield code="6">880-08</subfield><subfield code="a">Sabzava&#772;ri&#772;, Ha&#772;di&#772; ibn Mahdi&#772;,</subfield><subfield code="d">1797 or 8-</subfield><subfield code="t">Sharh&#803; al-manz&#803;u&#772;mah fi&#772; al-h&#803;ikmah.</subfield></datafield><datafield ind1="0" ind2="7" tag="630"><subfield code="a">Sharh&#803; al-manz&#803;u&#772;mah fi&#772; al-h&#803;ikmah (Sabzava&#772;ri&#772;, Ha&#772;di&#772; ibn Mahdi&#772;)</subfield><subfield code="2">fast</subfield><subfield code="0">(OCoLC)fst01369900</subfield></datafield><datafield ind1=" " ind2="7" tag="650"><subfield code="a">Islamic philosophy.</subfield><subfield code="2">fast</subfield><subfield code="0">(OCoLC)fst01730358</subfield></datafield><datafield ind1=" " ind2="7" tag="650"><subfield code="a">Metaphysics.</subfield><subfield code="2">fast</subfield><subfield code="0">(OCoLC)fst01018304</subfield></datafield><datafield ind1=" " ind2="7" tag="655"><subfield code="a">Early works.</subfield><subfield code="2">fast</subfield><subfield code="0">(OCoLC)fst01411636</subfield></datafield><datafield ind1="1" ind2=" " tag="700"><subfield code="6">880-09</subfield><subfield code="a">Muh&#803;aqqiq, Mahdi&#772;.</subfield></datafield><datafield ind1="1" ind2=" " tag="700"><subfield code="a">Izutsu, Toshihiko,</subfield><subfield code="d">1914-1993.</subfield></datafield><datafield ind1="1" ind2="2" tag="700"><subfield code="6">880-10</subfield><subfield code="a">Sabzava&#772;ri&#772;, Ha&#772;di&#772; ibn Mahdi&#772;,</subfield><subfield code="d">1797 or 1798-</subfield><subfield code="t">Sharh&#803; al-manz&#803;u&#772;mah fi&#772; al-h&#803;ikmah.</subfield></datafield><datafield ind1="2" ind2=" " tag="710"><subfield code="a">New York University.</subfield><subfield code="b">Libraries.</subfield></datafield><datafield ind1="0" ind2=" " tag="730"><subfield code="a">Arabic Collections Online.</subfield></datafield><datafield ind1="0" ind2="8" tag="776"><subfield code="i">Online version:</subfield><subfield code="a">Sabzava&#772;ri&#772;, Ha&#772;di&#772; ibn Mahdi&#772;, b. 1797 or 8.</subfield><subfield code="t">Sharh&#803;-i Ghurar al-fara&#772;&#700;id ma&#699;ru&#772;f bih Sharh&#803;-i Manz&#803;u&#772;mah-&#700;i H&#803;ikmat, qismat-i umu&#772;r-i &#699;a&#772;mmah va jawhar-i &#699;aru&#772;z&#804;.</subfield><subfield code="d">Tihra&#772;n : Da&#772;nishga&#772;h-i MakGi&#772;l, Muntria&#772;l, Mu&#700;assasah-&#700;i Mut&#803;a&#772;la&#699;a&#772;t-i Isla&#772;mi&#772;, Shu&#699;bah-&#700;i Tihra&#772;n, 1969</subfield><subfield code="w">(OCoLC)643950653</subfield></datafield><datafield ind1="0" ind2="8" tag="776"><subfield code="i">Print version:</subfield><subfield code="a">Sabzava&#772;ri&#772;, Ha&#772;di&#772; ibn Mahdi&#772;, 1797 or 1798-</subfield><subfield code="t">Sharh&#803;-i Ghurar al-fara&#772;&#700;id ma&#699;ru&#772;f bih Sharh&#803;-i Manz&#803;u&#772;mah-&#700;i H&#803;ikmat, qismat-i umu&#772;r-i &#699;a&#772;mmah va jawhar-i &#699;aru&#772;z&#804;</subfield><subfield code="w">(NNU)001677124</subfield><subfield code="w">(DLC)   71268618</subfield></datafield><datafield ind1="4" ind2="0" tag="856"><subfield code="u">http://hdl.handle.net/2333.1/4xgxd4dz</subfield></datafield><datafield ind1="1" ind2=" " tag="880"><subfield code="6">100-01/</subfield><subfield code="a">&#1587;&#1576;&#1586;&#1608;&#1575;&#1585;&#1609;&#1548; &#1607;&#1575;&#1583;&#1609; &#1576;&#1606; &#1605;&#1607;&#1583;&#1609;&#1548;</subfield><subfield code="d">1797 or 1798-</subfield></datafield><datafield ind1="1" ind2="0" tag="880"><subfield code="6">245-02/</subfield><subfield code="a">&#1588;&#1585;&#1581; &#1594;&#1585;&#1585; &#1575;&#1604;&#1601;&#1585;&#1575;&#1574;&#1583; &#1605;&#1593;&#1585;&#1608;&#1601; &#1576;&#1607; &#1588;&#1585;&#1581; &#1605;&#1606;&#1592;&#1608;&#1605;&#1607; &#1581;&#1603;&#1605;&#1578;&#1548; &#1602;&#1587;&#1605;&#1578; &#1575;&#1605;&#1608;&#1585; &#1593;&#1575;&#1605;&#1607; &#1608; &#1580;&#1608;&#1607;&#1585; &#1608; &#1593;&#1585;&#1590; /</subfield><subfield code="c">&#1576;&#1578;&#1589;&#1581;&#1610;&#1581; &#1608; &#1605;&#1602;&#1583;&#1605;&#1728; &#1608; &#1578;&#1593;&#1604;&#1610;&#1602;&#1575;&#1578; &#1605;&#1607;&#1583;&#1609; &#1605;&#1581;&#1602;&#1602; &#1608; &#1578;&#1608;&#1588;&#1609; &#1607;&#1610;&#1603;&#1608; &#1575;&#1610;&#1586;&#1608;&#1578;&#1587;&#1608;.</subfield></datafield><datafield ind1="3" ind2=" " tag="880"><subfield code="6">246-03/</subfield><subfield code="a">&#1588;&#1585;&#1581; &#1605;&#1606;&#1592;&#1608;&#1605;&#1728; &#1581;&#1603;&#1605;&#1578;</subfield></datafield><datafield ind1="3" ind2=" " tag="880"><subfield code="6">246-04/</subfield><subfield code="a">&#1588;&#1585;&#1581; &#1594;&#1585;&#1585; &#1575;&#1604;&#1601;&#1585;&#1575;&#1574;&#1583;</subfield></datafield><datafield ind1="3" ind2=" " tag="880"><subfield code="6">246-05/</subfield><subfield code="a">&#1594;&#1585;&#1585; &#1575;&#1604;&#1601;&#1585;&#1575;&#1574;&#1583;</subfield></datafield><datafield ind1=" " ind2=" " tag="880"><subfield code="6">260-06/</subfield><subfield code="a">&#1591;&#1607;&#1585;&#1575;&#1606; :</subfield><subfield code="b">&#1583;&#1575;&#1606;&#1588;&#1711;&#1575;&#1607; &#1605;&#1603; &#1711;&#1610;&#1604;&#1548; &#1605;&#1608;&#1606;&#1578;&#1585;&#1575;&#1604;&#1548; &#1605;&#1572;&#1587;&#1587;&#1728; &#1605;&#1591;&#1575;&#1604;&#1593;&#1575;&#1578; &#1575;&#1587;&#1604;&#1575;&#1605;&#1609;&#1548; &#1588;&#1593;&#1576;&#1607; &#1591;&#1607;&#1585;&#1575;&#1606;&#1548;</subfield><subfield code="c">1969.</subfield></datafield><datafield ind1="1" ind2=" " tag="880"><subfield code="6">490-07/</subfield><subfield code="a">&#1587;&#1604;&#1587;&#1604;&#1728; &#1583;&#1575;&#1606;&#1588; &#1575;&#1610;&#1585;&#1575;&#1606;&#1609; &#1563;</subfield><subfield code="v">1</subfield></datafield><datafield ind1="1" ind2="4" tag="880"><subfield code="6">600-08/</subfield><subfield code="a">&#1587;&#1576;&#1586;&#1608;&#1575;&#1585;&#1610;&#1548; &#1607;&#1575;&#1583;&#1610; &#1576;&#1606; &#1605;&#1607;&#1583;&#1610;&#1548;,</subfield><subfield code="d">1797 or 8-</subfield><subfield code="t">&#1588;&#1585;&#1581; &#1575;&#1604;&#1605;&#1606;&#1592;&#1608;&#1605;&#1577; &#1601;&#1610; &#1575;&#1604;&#1581;&#1603;&#1605;&#1577;.</subfield></datafield><datafield ind1="1" ind2=" " tag="880"><subfield code="6">700-09/</subfield><subfield code="a">&#1605;&#1581;&#1602;&#1602;&#1548; &#1605;&#1607;&#1583;&#1609;.</subfield></datafield><datafield ind1="1" ind2="2" tag="880"><subfield code="6">700-10/</subfield><subfield code="a">&#1587;&#1576;&#1586;&#1608;&#1575;&#1585;&#1610;&#1548; &#1607;&#1575;&#1583;&#1610; &#1576;&#1606; &#1605;&#1607;&#1583;&#1610;&#1548;</subfield><subfield code="d">1797 or 1798-</subfield><subfield code="t">&#1588;&#1585;&#1581; &#1575;&#1604;&#1605;&#1606;&#1592;&#1608;&#1605;&#1577; &#1601;&#1610; &#1575;&#1604;&#1581;&#1603;&#1605;&#1577;.</subfield></datafield><datafield ind1=" " ind2="0" tag="830"><subfield code="6">880-11</subfield><subfield code="a">Silsilah-&#700;i d&#257;nish-i &#298;r&#257;n&#299;</subfield><subfield code="v">1.</subfield></datafield><datafield ind1=" " ind2="0" tag="880"><subfield code="6">830-11/</subfield><subfield code="a">&#1587;&#1604;&#1587;&#1604;&#1728; &#1583;&#1575;&#1606;&#1588; &#1575;&#1610;&#1585;&#1575;&#1606;&#1609; &#1563;</subfield><subfield code="v">1.</subfield></datafield><datafield ind1=" " ind2=" " tag="959"><subfield code="a">NNU</subfield><subfield code="b">WEB</subfield><subfield code="c">GENI</subfield><subfield code="t">0</subfield><subfield code="m">Electronic access</subfield><subfield code="s">01</subfield></datafield><datafield ind1=" " ind2=" " tag="999"><subfield code="i">NNU_001677124</subfield><subfield code="s">nyu_aco000422</subfield><subfield code="e">(ERROR-880)</subfield></datafield></record>